@article{test,
author = {test name},
year = {test year},
title = {test title},
journal = {test journal},
}
