@article{gan,
author = {Ian J. Goodfellow and Jean Pouget-Abadie and Mehdi Mirza and Bing Xu and David Warde-Farley and Sherjil Ozair and Aaron Courville and Yoshua Bengio},
year = {2014},
title = {Generative Adversarial Nets},
journal = {NIPS},
}

@article{malicious-gan,
author = {Miles Brundage and Shahar Avin and Jack Clark and Helen Toner and Peter Eckersley and Ben Garfinkel and Allan Dafoe and Paul Scharre and Thomas Zeitzoff and Bobby Filar and Hyrum Anderson and Heather Roff and Gregory C. Allen and Jacob Steinhardt and Carrick Flynn and Seán Ó hÉigeartaigh and Simon Beard and Haydn Belfield and Sebastian Farquhar and Clare Lyle and Rebecca Crootof and Owain Evans and Michael Page and Joanna Bryson and Roman Yampolskiy and Dario Amodei},
year  = {2018},
title = {The Malicious Use of Artificial Intelligence: Forecasting, Prevention, and Mitigation},
journal = {}
}

@article{stack-gan,
author = {Han Zhang and Tao Xu and Hongsheng Li and Shaoting Zhang and Xiaogang Wang and Xiaolei Huang and Dimitris Metaxas},
year  = {2017},
title = {StackGAN: Text to Photo-realistic Image Synthesis with Stacked Generative Adversarial Networks},
journal = {ICCV}
}

@article{midinet,
author = {Li-Chia Yang and Szu-Yu Chou and Yi-Hsuan Yang},
year  = {2017},
title = {MIDINET: A CONVOLUTIONAL GENERATIVE ADVERSARIAL NETWORK FOR SYMBOLIC-DOMAIN MUSIC GENERATION},
journal = {}
}

@article{conditional-gan,
author = {Phillip Isola and Jun-Yan Zhu and Tinghui Zhou and Alexei A. Efros},
year  = {2018},
title = {Image-to-Image Translation with Conditional Adversarial Networks},
journal = {CVPR}
}

@article{high-resolution-conditional-gan,
author = {Ting-Chun Wang and Ming-Yu Liu and Jun-Yan Zhu and Andrew Tao and Jan Kautz and Bryan Catanzaro},
year  = {2018},
title = {High-Resolution Image Synthesis and Semantic Manipulation with Conditional GANs},
journal = {CVPR}
}

@article{cycle-gan,
author = {Jun-Yan Zhu and Taesung Park and Phillip Isola and Alexei A. Efros},
year  = {2018},
title = {Unpaired Image-to-Image Translation using Cycle-Consistent Adversarial Networks},
journal = {ICCV}
}

@article{bicyle-gan,
author = {Jun-Yan Zhu and Richard Zhang and Deepak Pathak and Trevor Darrell and Alexei A. Efros and Oliver Wang and Eli Shechtman},
year  = {2018},
title = {Toward Multimodal Image-to-Image Translation},
journal = {NIPS}
}

@article{star-gan,
author = {Yunjey Choi and Minje Choi and Munyoung Kim and Jung-Woo Ha and Sunghun Kim and Jaegul Choo},
year  = {2018},
title = {StarGAN: Unified Generative Adversarial Networks for Multi-Domain Image-to-Image Translation},
journal = {CVPR}
}

@article{style-gan,
author = {Tero Karras and Samuli Laine and Timo Aila},
year  = {2019},
title = {A Style-Based Generator Architecture for Generative Adversarial Networks},
journal = {CVPR}
}

@article{style-gan2,
author = {Tero Karras and Samuli Laine and Miika Aittala and Jaakko Lehtinen and Janne Hellsten and Timo Aila},
year  = {2019},
title = {Analyzing and Improving the Image Quality of StyleGAN},
journal = {}
}

@article{progressive-growing-gans,
author = {Tero Karras and Timo Aila and Samuli Laine and Jaakko Lehtinen},
year  = {2018},
title = {Progressive Growing of GANs For Improved Quality, Stability, and Variation},
journal = {ICLR}
}

@article{munit,
author = {Xun Huang and Ming-Yu Liu and Serge Belongie and Jan Kautz},
year  = {2018},
title = {Multimodal Unsupervised Image-to-Image Translation},
journal = {ECCV}
}

@article{disco-gan,
author = {Taeksoo Kim and Moonsu Cha and Hyunsoo Kim and Jung Kwon Lee and Jiwon Kim},
year  = {2018},
title = {Learning to Discover Cross-Domain Relations with Generative Adversarial Networks},
journal = {ICML}
}

@article{unit,
author = {Ming-Yu Liu and Thomas Breuel and Jan Kautz},
year  = {2018},
title = {Unsupervised Image-to-Image Translation Networks},
journal = {NIPS}
}

@article{in,
author = {Dmitry Ulyanov and Andrea Vedaldi and Victor Lempitsky},
year  = {2017},
title = {Improved Texture Networks: Maximizing Quality and Diversity in Feed-forward Stylization and Texture Synthesis},
journal = {CVPR}
}

@article{drit-plus,
author = {Hsin-Ying Lee and Hung-Yu Tseng and Qi Mao and Jia-Bin Huang and Yu-Ding Lu and Maneesh Singh and Ming-Hsuan Yang},
year  = {2019},
title = {DRIT++: Diverse Image-to-Image Translation via Disentangled Representations},
journal = {ECCV}
}

@article{resnet,
author = {Kaiming He and Xiangyu Zhang and Shaoqing Ren and Jian Sun},
year  = {2015},
title = {Deep Residual Learning for Image Recognition},
journal = {CVPR}
}

@article{lsgan,
author = {Xudong Mao and Qing Li and Haoran Xie and Raymond Y.K. Lau and Zhen Wang and Stephen Paul Smolley},
year  = {2017},
title = {Least Squares Generative Adversarial Networks},
journal = {ICCV}
}

@article{adain,
author = {Xun Huang and Serge Belongie},
year  = {2017},
title = {Arbitrary Style Transfer in Real-time with Adaptive Instance Normalization},
journal = {ICCV}
}

@article{layer_norm,
author = {Jimmy Lei Ba and Jamie Ryan Kiros and Geoffrey E. Hinton},
year  = {2016},
title = {Layer Normalization},
journal = {}
}

@article{spectral,
author = {Takeru Miyato and Toshiki Kataoka and Masanori Koyama and Yuichi Yoshida},
year  = {2018},
title = {Spectral Normalization for Generative Adversarial Networks},
journal = {ICLR}
}

@article{lipschitz1,
author = {Zhiming Zhou and Yuxuan Song and Lantao Yu and Hongwei Wang and Jiadong Liang and Weinan Zhang and Zhihua Zhang and Yong Yu},
year  = {2019},
title = {Understanding the effectiveness of Lipschitz-continuity in Generative Adversarial Nets},
journal = {ICLR}
}

@article{lipschitz2,
author = {Yipeng Qin and Niloy Mitra and Peter Wonka},
year  = {2019},
title = {How does Lipschitz Regularization Influence GAN Training?},
journal = {}
}

@article{wgangp,
author = {Ishaan Gulrajani and Faruk Ahmed and Martin Arjovsky and Vincent Dumoulin and Aaron Courville},
year  = {2017},
title = {Improved Training of Wasserstein GANs},
journal = {NIPS}
}

@article{celeba,
author = {Liu, Ziwei and Luo, Ping and Wang, Xiaogang and Tang, Xiaoou},
year = {2015},
title = {Deep Learning Face Attributes in the Wild},
journal = {ICCV}
}